@Book{abram,
 author    = "Milton {Abramowitz} and Irene A. {Stegun}",
 title     = "Handbook of Mathematical Functions with
              Formulas, Graphs, and Mathematical Tables",
 publisher = "Dover",
 year      =  1964,
 address   = "New York",
 edition   = "ninth Dover printing, tenth GPO printing"
}
@article{MAA08,
  author={A. MAALI and B. BHUSHAN},
  title={{N}anorheology and boundary slip in confined liquids using atomic force microscopy},
  journal={Journal of Physics: Condensed Matter},
  volume={20},
  pages={315201},
  year={2008},
}
@article{DIA07,
  author = {A. DIAZ and J.F. VAN DER VEEN},
  title = {{T}heory of {X}-ray scattering from a complex fluid confined by a nanocavity array},
 journal = {Thin Solid Films},
 volume = {515},
 pages = {5645 - 5653},
 year = {2007},
}
@article{BEL93,
  author = {M. C. BELLISSENT-FUNEL and J. LAL and L. BOSIO},
  title = {{S}tructural study of water confined in porous glass by neutron scattering},
 journal = {J. Chem. Phys.},
 volume = {98},
 pages = {4246},
 year = {1993},
}
@article{PER10,
author = {E. PERRETand  K. NYG{\AA}RD and D. K. SATAPATHY and T. E. BALMER  and O. BUNK and M. HEUBERGER and J. F. VAN DER VEEN},
title = {{X}-ray reflectivity theory for determining the density profile of a liquid under nanometre confinement},
journal = {Journal of Synchrotron Radiation},
volume = {17},
pages = {465-472},
year = {2010},
}
@article {BEA07,
   author = {D. BEATTIE and S. WINGET and C. BAIN},
   title = {{R}aman {S}cattering from {C}onfined {L}iquid {F}ilms in the {S}ub-{N}anometre {R}egime},
   journal = {Tribology Letters},
   volume = {27},
   pages = {159-167},
   year = {2007},
}
@article{BLO93,
  YEAR =         {1993},
  volume =       {240},
  journal =       {NATO ASI},
  title =         {{S}tructure and Dynamics of Confined Fluids},
  note =        {NATO Advanced Research Workshop on Computations for the Nano-Scale},
  Author=        {P. A. THOMPSON}
}
@ARTICLE{ALE08,
  AUTHOR =       {A. ALEXIADIS and S. KASSINOS},
  TITLE =        {{M}olecular {S}imulation of {W}ater in {C}arbon {N}anotubes},
  JOURNAL =      {Chem. Rev.},
  YEAR =         {2008},
  volume =       {108},
  pages =        {5014-5034},
}
@ARTICLE{WAN06,
  author ={Q. WANG and G. A. BAKER and  S. N. BAKER and L. A. COLON},
  title  ={{S}urface confined ionic liquid as a stationary phase for {HPLC}},
  journal  ={Analyst},
  year  ={2006},
  volume  ={131},
  pages  ={1000-1005},
}
@article {FEN05,
author = {S. FENG and Z. QINGHUA  and Y. Gu and Y. DENG},
title = {{S}ilica {G}el {C}onfined {I}onic {L}iquid+{M}etal {C}omplexes for {O}xygen-{F}ree {C}arbonylation of {A}mines and {N}itrobenzene to {U}reas},
journal = {Advanced Synthesis \& Catalysis},
volume = {347},
year = {2005},
}
@article{SAR11,
  title = {{D}irect experimental evidence of growing dynamic length scales in confined colloidal liquids},
  author = {P. S SARANGAPANDI and A. B. SCHOFIELD and Y. ZHU},
  journal = {Phys. Rev. E},
  volume = {83},
  pages = {030502},
  year = {2011},
 }
@manual{RAS11,
 author = {C. RASMUSSEN},
 title = {{D}iffusing or passing through septum selective as to material of a component of liquid filtering through membrane (e.g., ultrafiltration) hyperfiltration (e.g., reverse osmosis, etc.)},
 year = {2011},
 month = {07},
 number = {20110174736},
}
@article{WIG90,
  title = {{R}ole of water in some biological processes},
  author = {P.M. WIGGINS},
  journal = {Microbiol. Rev.},
  volume = {54},
  pages = {432},
  year = {1990},
 }
@article{MAT97,
author = {N. MATUBAYASI and C. WAKAI and M. NAKAHARA},
title = {{S}tructural study of supercritical water. {I}. {N}uclear magnetic resonance spectroscopy},
year = {1997},
journal = {J. Chem. Phys.},
volume = {107},
pages = {9133-9140},
}
@BOOK{GAN70,
   author = {F. GANTMACHER},
   title= {{L}ectures in {A}nalitical {M}echanics},
   publisher = {{MIR} {P}ublisher {Moscow}},
   year = 1970
   }
@BOOK{TEM61,
   author = {G. TEMPLE},
   title= {{T}he {G}eneral {P}rinciples of {QUANTUM THEORY}},
   publisher = {Methuen \& co ltd},
   year = 1961
   }
@BOOK{LAN74,
   author = {L. LANDAU and E. LIFSHITZ},
   title= {{C}urso abreviado de f\'isica te\'orica: Mec\'anica cu\'antica},
   publisher = {Editorial {MIR} {Moscow}},
   year = 1974
   }
@BOOK{PAU85,
   author = {L. PAULING and E. B. JR. WILSON},
   title= {{I}ntroduction to {QUANTUM  MECHANICS}: {W}hit {Applications to {C}hemistry}},
   publisher = {Dover Publications INC},
   year = 1985
   }
@Article{YAN00,
author ={Z. YAN},
title  ={{G}eneral thermal wavelength and its applications},
journal  ={Eur. J. Phys.},
year  ={2000},
volume  ={21},
pages  ={625},
}
@Article{SAR12,
author ={U. SARKAR and M. KHATUA  and P. K. CHATTARAJ},
title  ={{A} tug-of-war between electronic excitation and confinement in a dynamical context},
journal  ={Phys. Chem. Chem. Phys.},
year  ={2012},
volume  ={14},
pages  ={1716-1727},
}
@article{JAS96,
title = {{C}onfined many-electron systems},
journal = {Physics Reports},
volume = {271},
pages = {1 - 66},
year = {1996},
author = {W. JASK\'OLSKI},
}
@article{MIC37,
title = {{R}emarks concerning {M}olecular {I}nteraction and their {I}nfluence on the {P}olarisability},
journal = {Physics IV},
volume = {10},
pages = {981},
year = {1937},
author = {J. MICHLES and J. DE BOER and A. BIJL},
}
@article{SOM38,
title = {{K}\"{u}nstliche {G}renzbedingungen beim {K}eplerproblem},
journal = {Annalen der Physik},
volume = {32},
pages = {56},
year = {1996},
author = {A. SOMMERFELD and H. WELKER},
}
@article{LO06,
author = {J. M. H. LO and D. BIELI\'NSKA-WA and M. KLOBUKOSWSKI and E. W.S. SCHREINER  and G. H.F. DIERCKSEN},
title = {{S}tructure and spectra of a confined {H}e{H} molecule},
journal = {J. Phys. B: At. Mol. Opt. Phys.},
volume = {39},
pages = {2385},
year = {2006},
}
@BOOK{TEU03,
   author = {S. TEUFEL},
   title= {{A}diabatic {P}erturbation {T}heory in {Q}uantum {D}ynamics},
   publisher = {Springer},
   year = {2003},
   }
@article{CHA00,
title = {{O}n different criteria for confinement},
journal = {Physics Letters B},
volume = {481},
pages = {26 - 32},
year = {2000},
author = {M. CHAICHIAN and T. KOBAYASHI},
}
@article{HAL10,
 title = {{C}onfinement-{I}nduced {R}esonances in {L}ow-{D}imensional {Q}uantum {S}ystems},
  author = {E. HALLER  and M. J. MANFRED and H. RUSSELL and J. G. DANZL and L. REICHS\"OLLNER and M. VLADIMIR and P. SCHMELCHER and H-C. N\"AGERL},
  journal = {Phys. Rev. Lett.},
  volume = {104},
  pages = {153203},
  year = {2010},
}
@ARTICLE{GEL99,
  AUTHOR =       {L. D. GELB and K. E. GUBBINS and R. RADHAKRISHNAN and M. SLIWINSKA-BARTKOWIAK},
  title =        {{P}hase {S}eparation in {C}onfined {S}ystem},
  JOURNAL =      {Rep. Prog. Phys.},
  YEAR =         {1999},
  volume =       {62},
  pages =        {1573-1659},
}
@ARTICLE{VAN89,
  AUTHOR =       {T. K. VANDERLICK and L. E. SCRIVEN and T. DAVIS},
  title =        {{M}olecular theoriesof confinement fluids},
  JOURNAL =      {J. Chem. Phys.},
  YEAR =         {1989},
  volume =       {90},
  pages =        {2422},
}
@article{TUC00,
author = {M.E. TUCKERMAN and G. J. MARTYNA},
title = {{U}nderstanding {M}odern {M}olecular {D}ynamics. {T}echniques and {A}pplications},
journal = {The Journal of Physical Chemistry B},
volume = {104},
pages = {159-178},
year = {2000},
}
@article{MET53,
author = {N. METROPOLIS and A. W. ROSENBLUTH and M. N. ROSENBLUTH and A. H. TELLER and E. TELLER},
collaboration = {},
title = {{E}quation of {S}tate {C}alculations by {F}ast {C}omputing {M}achines},
year = {1953},
journal = {The Journal of Chemical Physics},
volume = {21},
pages = {1087-1092},
}
@BOOK{MAC87,
  AUTHOR =       {P. K. MACKEOWN and D. J. NEWMAN},
  publisher =    {Adam Hilger},
  title =        {{C}omputational {T}hecniques in {P}hysics},
  YEAR =         {1987},
 }
@Article{WIN12,
author ={C. F. WINDISCH. and V-A. GLEZAKOU and P. F. MARTIN and B. P. MCGRAIL and H. T. SCHAEF},
title  ={{R}aman spectrum of supercritical {C}$^{18}${O}$_{2}$ and re-evaluation of the {F}ermi resonance},
journal  ={Phys. Chem. Chem. Phys.},
year  ={2012},
volume  ={14},
pages  ={2560-2566},
}
@article {LEN31,
author = {J. E. LENNARD-JONES},
title = {{C}ohesion},
journal = {Pro. Phys. Soc.},
volume = {43},
pages = {461},
year = {1931},
}
@article {BOR27,
author = {M. BORN and R. OPPENHEIMER},
title = {{Z}ur {Q}uantentheorie der {M}olekeln},
journal = {Annalen der Physik},
volume = {389},
pages = {457--484},
year = {1927},
}
@article {FER82,
author = {F. M. FERN\'ANDEZ and E. A. CASTRO},
title = {{V}irial theorem and boundary conditions for approximate wave functions},
journal = {International Journal of Quantum Chemistry},
volume = {21},
pages = {741--751},
year = {1982},
}
@article{MAR09,
  title = {{M}olecular dynamics simulations of supercritical water confined within a carbon-slit pore},
  author = {J. MART\'I  and J. SALA and E. GU\'ADIA and M. C. GORDILLO},
  journal = {Phys. Rev. E},
  volume = {79},
  pages = {031606},
  year = {2009},
 }
@article{EVA84,
title = {{N}on-{N}ewtonian molecular dynamics},
journal = {Computer Physics Reports},
volume = {1},
pages = {297 - 343},
year = {1984},
author = {D. J. EVANS and O.P. MORRISS}
}
@BOOK{MUL06,
   author = {H. J. W.  M\"{U}LLER-KIRSTEN},
   title= {{I}ntroduction to {Q}uantum {M}echanics: {S}chr\"{o}dinger {E}quation and {P}ath {I}ntegral},
   publisher = {World {S}cientific},
   year = 2006
   }
@BOOK{TAK08,
   author = {L. A. TAKHTAKJAN},
   title= {{Q}uantum {M}echanics for {M}athematicians},
   publisher = {American {M}athematical {S}ociety},
   year = 2008
   }
@BOOK{ALL87,
  AUTHOR =       {M. P. ALLEN and D. J. TIDESLEY},
  publisher =    {Claredon Press},
  title =        {{C}omputer {S}imulation of {L}iquids},
  YEAR =         {1987},
 }
